<?xml version="1.0" encoding="UTF-8"?><record xmlns="http://www.loc.gov/MARC21/slim" xmlns:cinclude="http://apache.org/cocoon/include/1.0" xmlns:zs="http://www.loc.gov/zing/srw/">
  <leader>00521cz  a2200157n  4500</leader>
  <controlfield tag="001">no2007148383</controlfield>
  <controlfield tag="003">DLC</controlfield>
  <controlfield tag="005">20080118075354.0</controlfield>
  <controlfield tag="008">070926n| acannaabn          |a aaa     c</controlfield>
  <datafield tag="010" ind1=" " ind2=" ">
    <subfield code="a">no2007148383</subfield>
  </datafield>
  <datafield tag="035" ind1=" " ind2=" ">
    <subfield code="a">(OCoLC)oca07598139</subfield>
  </datafield>
  <datafield tag="040" ind1=" " ind2=" ">
    <subfield code="a">WaKiN</subfield>
    <subfield code="b">eng</subfield>
    <subfield code="c">WaKiN</subfield>
    <subfield code="d">IEN</subfield>
  </datafield>
  <datafield tag="100" ind1="1" ind2=" ">
    <subfield code="a">Christensen, Randy,</subfield>
    <subfield code="d">1962-</subfield>
  </datafield>
  <datafield tag="400" ind1="1" ind2=" ">
    <subfield code="a">Christensen, Randolph J.,</subfield>
    <subfield code="d">1962-</subfield>
  </datafield>
  <datafield tag="670" ind1=" " ind2=" ">
    <subfield code="a">Crucial concepts in kids' ministry, 2003</subfield>
    <subfield code="b">t.p. (Randy Christensen)</subfield>
  </datafield>
  <datafield tag="670" ind1=" " ind2=" ">
    <subfield code="a">Email from author, Sept. 27, 2007</subfield>
    <subfield code="b">(Randolph J. Christensen; b. Nov. 3, 1962)</subfield>
  </datafield>
</record>